<record><leader>00000cas a2200000 a 4500</leader><controlfield tag="001">13764307</controlfield><controlfield tag="008">860623d18631863vaudr ne      0    0eng  </controlfield><datafield ind1=" " ind2=" " tag="010"><subfield code="a">sn 86071650 </subfield></datafield><datafield ind1=" " ind2=" " tag="040"><subfield code="a">DLC</subfield><subfield code="b">eng</subfield><subfield code="c">DLC</subfield><subfield code="d">NLG</subfield><subfield code="d">MQN</subfield><subfield code="d">NVK</subfield><subfield code="d">OCL</subfield><subfield code="d">NVF</subfield><subfield code="d">DLC</subfield><subfield code="d">NVK</subfield><subfield code="d">OCLCO</subfield><subfield code="d">OCLCQ</subfield><subfield code="d">OCLCF</subfield><subfield code="d">CUS</subfield></datafield><datafield ind1=" " ind2=" " tag="042"><subfield code="a">pcc</subfield></datafield><datafield ind1=" " ind2=" " tag="043"><subfield code="a">n-us-va</subfield></datafield><datafield ind1=" " ind2="4" tag="050"><subfield code="a">AN</subfield></datafield><datafield ind1="0" ind2="0" tag="050"><subfield code="a">Newspaper 10028-X</subfield></datafield><datafield ind1="0" ind2=" " tag="130"><subfield code="a">Lynchburg daily Virginian (Lynchburg, Va. : 1863)</subfield></datafield><datafield ind1="1" ind2="0" tag="245"><subfield code="a">Lynchburg daily Virginian.</subfield></datafield><datafield ind1="1" ind2=" " tag="246"><subfield code="i">Published on Nov. 10 - Dec. 9, 1863:</subfield><subfield code="a">Virginian</subfield></datafield><datafield ind1="1" ind2="7" tag="246"><subfield code="a">Lynchburg Virginian</subfield></datafield><datafield ind1="3" ind2=" " tag="246"><subfield code="a">Daily Virginian</subfield></datafield><datafield ind1=" " ind2=" " tag="260"><subfield code="a">Lynchburg [Va.] :</subfield><subfield code="b">Charles W. Button</subfield></datafield><datafield ind1=" " ind2=" " tag="300"><subfield code="a">volumes</subfield></datafield><datafield ind1=" " ind2=" " tag="310"><subfield code="a">Daily (except Sunday)</subfield></datafield><datafield ind1=" " ind2=" " tag="336"><subfield code="a">text</subfield><subfield code="b">txt</subfield><subfield code="2">rdacontent</subfield></datafield><datafield ind1=" " ind2=" " tag="337"><subfield code="a">unmediated</subfield><subfield code="b">n</subfield><subfield code="2">rdamedia</subfield></datafield><datafield ind1=" " ind2=" " tag="338"><subfield code="a">volume</subfield><subfield code="b">nc</subfield><subfield code="2">rdacarrier</subfield></datafield><datafield ind1="1" ind2=" " tag="362"><subfield code="a">Began Apr. 1863.</subfield></datafield><datafield ind1="0" ind2=" " tag="362"><subfield code="a">-Dec. 9, 1863.</subfield></datafield><datafield ind1=" " ind2=" " tag="530"><subfield code="a">Microfilm available from: Bell &amp; Howell, Micro Photo Div.</subfield></datafield><datafield ind1=" " ind2=" " tag="588"><subfield code="a">Description based on: Vol. 11, no. 219 (Apr. 17, 1863).</subfield></datafield><datafield ind1=" " ind2="0" tag="651"><subfield code="a">Lynchburg (Va.)</subfield><subfield code="v">Newspapers.</subfield></datafield><datafield ind1=" " ind2="7" tag="651"><subfield code="a">Virginia</subfield><subfield code="z">Lynchburg.</subfield><subfield code="2">fast</subfield><subfield code="0">(OCoLC)fst01207740</subfield></datafield><datafield ind1=" " ind2="7" tag="655"><subfield code="a">Newspapers.</subfield><subfield code="2">fast</subfield><subfield code="0">(OCoLC)fst01423814</subfield></datafield><datafield ind1=" " ind2=" " tag="752"><subfield code="a">United States</subfield><subfield code="b">Virginia</subfield><subfield code="d">Lynchburg.</subfield></datafield><datafield ind1="0" ind2=" " tag="775"><subfield code="t">Tri-weekly Lynchburg Virginian</subfield><subfield code="w">(DLC)sn 85038634</subfield><subfield code="w">(OCoLC)12863921</subfield></datafield><datafield ind1="0" ind2=" " tag="775"><subfield code="t">Lynchburg weekly Virginian (Lynchburg, Va. : 1860)</subfield><subfield code="w">(DLC)sn 99066943</subfield><subfield code="w">(OCoLC)41249757</subfield></datafield><datafield ind1="0" ind2="0" tag="780"><subfield code="t">Daily Lynchburg Virginian (Lynchburg, Va. : 1861)</subfield><subfield code="w">(DLC)sn 85034361</subfield><subfield code="w">(OCoLC)11047348</subfield></datafield><datafield ind1="0" ind2="0" tag="785"><subfield code="t">Lynchburg Virginian (Lynchburg, Va. : 1863)</subfield><subfield code="w">(DLC)sn 86071651</subfield><subfield code="w">(OCoLC)13764419</subfield></datafield><datafield ind1="1" ind2=" " tag="029"><subfield code="a">AU@</subfield><subfield code="b">000021266681</subfield></datafield></record>